
@article{SplitStrains,
   author = "Gabbassov, Einar and Moreno-Molina, Miguel and Comas, IÃ±aki and Libbrecht, Maxwell and Chindelevitch, Leonid",
   title = "SplitStrains, a tool to identify and separate mixed Mycobacterium tuberculosis infections from WGS data", 
   journal= "Microbial Genomics",
   year = "2021",
   volume = "7",
   number = "6",
   doi = "https://doi.org/10.1099/mgen.0.000607",
   url = "https://www.microbiologyresearch.org/content/journal/mgen/10.1099/mgen.0.000607",
   publisher = "Microbiology Society",
   issn = "2057-5858"
}
@article{CasRobWel2004,
    author = {George Casella and Christian P. Robert and Martin T. Wells},
    title = {Mixture models, latent variables and partitioned importance sampling},
    journal = {Statistical Methodology},
    volume = {1},
    number = {1},
    pages = {1-18},
    year = {2004},
    issn = {1572-3127},
    doi = {https://doi.org/10.1016/j.stamet.2004.05.001},
    url = {https://www.sciencedirect.com/science/article/pii/S1572312704000036}
}

